@online{kvalitavyukyweb,
  author  = "Martin KomÁrek",
  title   = "Kontrola kvality výuky",
  url     = "https://wiki.feld.cvut.cz/rada_stm/kontrolavyukyverejne",
  cited = "2012-01-17"
}

@BOOK{postupy,
  author  = "Václav HlavÁc and Jana KostlivÁ",
  title   = "Postupy pro kontrolu kvality výuky: nejen pro studijní program STM",
  url     = "https://wiki.feld.cvut.cz/_media/rada_stm/2011-04-05kontrolakvalityvyuky_verze_5.pdf",
  month   = "19. listopadu",
  year    = 2010,
  volume  = "verze 04"
}

@MASTERSTHESIS{prototyp_documentace,
  author  = "Daniel KrĘŻelok",
  title   = "Návrh a implementace systému pro správu hospitací",
  year    = "2010",
  ADDRESS = "Praha",
  type	  = "Bakalářská práce",
  school  = "České vysoké učení technické v Praze, Fakulta elektrotechnická"
}

@online{rubyonrails,
  title   = "Ruby on Rails",
  url     = "http://rubyonrails.org/",
  cited   = "2011-12-15"
}

@online{ruby,
  title   = "Ruby",
  url    = "http://www.ruby-lang.org/en/"
}

@online{mvc,
  title   = "Model–view–controller. In: Wikipedia: the free encyclopedia",
  publisher = "St. Petersburg (Florida): Wikipedia Foundation",
  url    = "http://cs.wikipedia.org/wiki/Model-view-controller",
  year    = "5.11.2003, last modified on 5.4.2012",
  cited = "2012-04-06"
}

@online{dry,
  title   = "Don't repeat yourself. In: Wikipedia: the free encyclopedia",
  publisher = "St. Petersburg (Florida): Wikipedia Foundation",
  url    = "http://en.wikipedia.org/wiki/Don't_repeat_yourself",
  year    = "1.12.2005, last modified on 9.2.2012",
  cited = "2012-03-05"
}

@online{coc,
  title   = "Convention over configuration. In: Wikipedia: the free encyclopedia",
  publisher = "St. Petersburg (Florida): Wikipedia
Foundation",
  url    = "http://en.wikipedia.org/wiki/Convention_over_configuration",
  year    = "20.9.2007, last modified on 10.12.2011",
  cited = "2012-03-05"
}

@online{rest,
  title   = "Representational state transfer. In: Wikipedia: the free encyclopedia",
  publisher = "St. Petersburg (Florida): Wikipedia Foundation",
  url    = "http://en.wikipedia.org/wiki/Representational_state_transfer",
  year    = "17.8.2004, last modified on 3.4.2011",
  cited = "2012-03-05"
}

@online{kosapi,
  title   = "Representational state transfer. In: Wikipedia: the free encyclopedia",
  publisher = "St. Petersburg (Florida): Wikipedia Foundation",
  url    = "http://en.wikipedia.org/wiki/Representational_state_transfer",
  year    = "17.8.2004, last modified on 3.4.2011",
  cited = "2012-03-05"
}

@online{kosapi,
  title   = "Wiki stránka KOSapi",
  url    = "https://kosapi.fel.cvut.cz/projects/kosapi/wiki",
  cited = "2012-02-15"
}

@online{felid,
  title   = "O systému FELid",
  url    = "http://wiki.feld.cvut.cz/net/felid/about",
  cited    = "2012-02-15",
}

@online{felid_pozadavky,
  title   = "Požadavky. FELid",
  url    = "http://wiki.feld.cvut.cz/net/admin/aai/provoz/pozadavky",
  year    = "2012-02-15",
}

@software{apache,
  author  = "aPACHE SOFTWARE FOUNDATION",
  title   = "Apache HTTP server 2.4",
  url    = "http://httpd.apache.org/download.cgi",
  cited   = "2012-04-07",
}

@software{shibboleth,
  author  = "Internet2",
  title   = "Shibboleth SP 2.4",
  url    = "http://shibboleth.internet2.edu/downloads.html",
  cided    = "2012-04-07",
}

@software{passenger,
  author  = "Phusion",
  title   = "Passenger",
  url    = "http://www.modrails.com/install.html",
  cided    = "2012-04-07",
}

@software{mysql,
  author  = "Oracle Corporation",
  title   = "MySQL 5.5",
  url     = "http://dev.mysql.com/downloads/mysql/",
  cided   = "2012-04-07",
}

@software{sqlite,
  author  = "D. Richard Hipp",
  title   = "SQLite",
  url     = "http://www.sqlite.org/download.html",
  cided   = "2012-04-07",
}

@Misc{webprojektu,
  author  = "",
  title   = "Apache HTTP server",
  note    = "\verb|http://httpd.apache.org/|",
  year    = "2012",
}

@Misc{bootstrap,
  author  = "",
  title   = "Apache HTTP server",
  note    = "\verb|http://httpd.apache.org/|",
  year    = "2012",
}

@Misc{willpaginate,
  author  = "",
  title   = "Apache HTTP server",
  note    = "\verb|http://httpd.apache.org/|",
  year    = "2012",
}

@Misc{cancan,
  author  = "",
  title   = "Apache HTTP server",
  note    = "\verb|http://httpd.apache.org/|",
  year    = "2012",
}

@Misc{vyvy,
  author  = "",
  title   = "Aplikace Vykazování výuky",
  note    = "\verb|https://vyvy.felk.cvut.cz/|",
  year    = "2012",
}

@Misc{vyvy_project,
  author  = "",
  title   = "Stránky projektu VyVy",
  note    = "\verb|http://code.google.com/p/vykazovani-vyuky-cvut/|",
  year    = "2012",
}

@online{authlogic,
	title = "Authlogic",
	url = "http://rdoc.info/github/binarylogic/authlogic",
	cited   = "2012-04-07",
}

@online{simpleform,
	title = "SimpleForm 2.0 + Bootstrap",
	url = "https://github.com/plataformatec/simple_form",
	cited   = "2012-04-07",
}

@online{guide_pa,
	title = "A Guide to Active Record Associations",
	url = "http://guides.rubyonrails.org/association_basics.html",
	cited   = "2012-04-07",
}


